@book{barabasi2016network,
  title={Network Science},
  author={Barab\'{a}si, Albert-L\'{a}szl\'{o} and P{\'o}sfai, M{\'a}rton},
  isbn={9781107076266},
  lccn={2016439537},
  url={http://networksciencebook.com/},
  year={2016},
  publisher={Cambridge University Press}
}

@book{robinson2015graph,
  title={Graph Databases, 2nd Edition},
  author={Ian Robinson, Jim Webber, Emil Eifrem},
  isbn={9781491930885},
  url={https://www.oreilly.com/library/view/graph-databases-2nd/9781491930885/},
  year={2015},
  publisher={O'Reilly Media, Inc.}
}

@article{EIFREM20196,
title = "How graph technology can map patterns to mitigate money-laundering risk",
journal = "Computer Fraud \& Security",
volume = "2019",
number = "10",
pages = "6 - 8",
year = "2019",
issn = "1361-3723",
doi = "https://doi.org/10.1016/S1361-3723(19)30105-8",
url = "http://www.sciencedirect.com/science/article/pii/S1361372319301058",
author = "Emil Eifrem",
}

@article{DBLP:journals/pvldb/SahuMSLO17,
  author    = {Siddhartha Sahu and
               Amine Mhedhbi and
               Semih Salihoglu and
               Jimmy Lin and
               M. Tamer {\"{O}}zsu},
  title     = {The Ubiquity of Large Graphs and Surprising Challenges of Graph Processing},
  journal   = {{PVLDB}},
  volume    = {11},
  number    = {4},
  pages     = {420--431},
  year      = {2017},
  url       = {http://www.vldb.org/pvldb/vol11/p420-sahu.pdf},
  doi       = {10.1145/3186728.3164139},
  timestamp = {Mon, 04 Nov 2019 15:39:16 +0100},
  biburl    = {https://dblp.org/rec/bib/journals/pvldb/SahuMSLO17},
  bibsource = {dblp computer science bibliography, https://dblp.org}
}

@inproceedings{DBLP:conf/complexnetworks/LebichotBCS16,
  author    = {Bertrand Lebichot and
               Fabian Braun and
               Olivier Caelen and
               Marco Saerens},
  title     = {A graph-based, semi-supervised, credit card fraud detection system},
  xxbooktitle = {Complex Networks {\&} Their Applications {V} - Proceedings of
               the 5th International Workshop on Complex Networks and their Applications
               {(COMPLEX} {NETWORKS} 2016), Milan, Italy, November 30 - December
               2, 2016},
  booktitle = {{COMPLEX NETWORKS}},
  series    = {Studies in Computational Intelligence},
  volume    = {693},
  pages     = {721--733},
  publisher = {Springer},
  year      = {2016},
  url       = {https://doi.org/10.1007/978-3-319-50901-3_57},
  doi       = {10.1007/978-3-319-50901-3_57},
  timestamp = {Fri, 02 Nov 2018 09:39:37 +0100},
  biburl    = {https://dblp.org/rec/bib/conf/complexnetworks/LebichotBCS16},
  bibsource = {dblp computer science bibliography, https://dblp.org}
}

@article{DBLP:journals/pvldb/QiuCQPZLZ18,
  author    = {Xiafei Qiu and
               Wubin Cen and
               Zhengping Qian and
               You Peng and
               Ying Zhang and
               Xuemin Lin and
               Jingren Zhou},
  title     = {Real-time Constrained Cycle Detection in Large Dynamic Graphs},
  journal   = {{PVLDB}},
  volume    = {11},
  number    = {12},
  pages     = {1876--1888},
  year      = {2018},
  url       = {http://www.vldb.org/pvldb/vol11/p1876-qiu.pdf},
  doi       = {10.14778/3229863.3229874},
  timestamp = {Wed, 06 Feb 2019 10:30:34 +0100},
  biburl    = {https://dblp.org/rec/bib/journals/pvldb/QiuCQPZLZ18},
  bibsource = {dblp computer science bibliography, https://dblp.org}
}

@article{DBLP:journals/fgcs/SteerCC20,
  author    = {Benjamin A. Steer and
               F{\'{e}}lix Cuadrado and
               Richard G. Clegg},
  title     = {Raphtory: Streaming analysis of distributed temporal graphs},
  journal   = {Future Generation Comp. Syst.},
  volume    = {102},
  pages     = {453--464},
  year      = {2020},
  url       = {https://doi.org/10.1016/j.future.2019.08.022},
  doi       = {10.1016/j.future.2019.08.022},
  timestamp = {Wed, 11 Dec 2019 16:23:20 +0100},
  biburl    = {https://dblp.org/rec/bib/journals/fgcs/SteerCC20},
  bibsource = {dblp computer science bibliography, https://dblp.org}
}

@inproceedings{DBLP:conf/ieaaie/BraunCSKL17,
  author    = {Fabian Braun and
               Olivier Caelen and
               Evgueni N. Smirnov and
               Steven Kelk and
               Bertrand Lebichot},
  title     = {Improving Card Fraud Detection Through Suspicious Pattern Discovery},
  booktitle = {International Conference on Industrial Engineering and Other Applications
               of Applied Intelligent Systems (IEA/AIE)},
  xxbooktitle = {Advances in Artificial Intelligence: From Theory to Practice - 30th
               International Conference on Industrial Engineering and Other Applications
               of Applied Intelligent Systems, {IEA/AIE} 2017, Arras, France, June
               27-30, 2017, Proceedings, Part {II}},
  xxseries    = {Lecture Notes in Computer Science},
  xxvolume    = {10351},
  pages     = {181--190},
  publisher = {Springer},
  year      = {2017},
  url       = {https://doi.org/10.1007/978-3-319-60045-1_21},
  doi       = {10.1007/978-3-319-60045-1_21},
  timestamp = {Tue, 14 May 2019 10:00:37 +0200},
  biburl    = {https://dblp.org/rec/bib/conf/ieaaie/BraunCSKL17},
  bibsource = {dblp computer science bibliography, https://dblp.org}
}

@inproceedings{DBLP:conf/sigmod/KankanamgeSMCS17,
  author    = {Chathura Kankanamge and
               Siddhartha Sahu and
               Amine Mhedbhi and
               Jeremy Chen and
               Semih Salihoglu},
  title     = {Graphflow: An Active Graph Database},
  booktitle = {SIGMOD},
  pages     = {1695--1698},
  publisher = {{ACM}},
  year      = {2017},
  url       = {https://doi.org/10.1145/3035918.3056445},
  doi       = {10.1145/3035918.3056445},
  timestamp = {Tue, 06 Nov 2018 11:07:39 +0100},
  biburl    = {https://dblp.org/rec/bib/conf/sigmod/KankanamgeSMCS17},
  bibsource = {dblp computer science bibliography, https://dblp.org}
}

@article{Bloomberg19,
	author = {Alexander Weber and Boris Groendahl and Nicholas Comfort},
	title = {Money to Launder? {H}ere's How ({H}int: Find a Bank)},
	year = {2019},
	month = {March},
	journal = {Bloomberg},
	url = {https://www.bloomberg.com/news/articles/2019-03-09/money-to-launder-here-s-how-hint-find-a-bank-quicktake},
}

@article{DBLP:journals/corr/abs-1901-08248,
  author    = {Alin Deutsch and
               Yu Xu and
               Mingxi Wu and
               Victor Lee},
  title     = {TigerGraph: {A} Native {MPP} Graph Database},
  journal   = {CoRR},
  volume    = {abs/1901.08248},
  year      = {2019},
  url       = {http://arxiv.org/abs/1901.08248},
  archivePrefix = {arXiv},
  eprint    = {1901.08248},
  timestamp = {Sat, 02 Feb 2019 16:56:00 +0100},
  biburl    = {https://dblp.org/rec/bib/journals/corr/abs-1901-08248},
  bibsource = {dblp computer science bibliography, https://dblp.org}
}

@article{DBLP:journals/corr/abs-1912-12740,
  author    = {Maciej Besta and
               Marc Fischer and
               Vasiliki Kalavri and
               Michael Kapralov and
               Torsten Hoefler},
  title     = {Practice of Streaming and Dynamic Graphs: Concepts, Models, Systems,
               and Parallelism},
  journal   = {CoRR},
  volume    = {abs/1912.12740},
  year      = {2019},
  url       = {http://arxiv.org/abs/1912.12740},
  archivePrefix = {arXiv},
  eprint    = {1912.12740},
  timestamp = {Sat, 04 Jan 2020 19:40:16 +0100},
  biburl    = {https://dblp.org/rec/journals/corr/abs-1912-12740.bib},
  bibsource = {dblp computer science bibliography, https://dblp.org}
}

@inproceedings{DBLP:conf/edbt/MiloNT18,
  author    = {Tova Milo and
               Slava Novgorodov and
               Wang{-}Chiew Tan},
  xxeditor    = {Michael H. B{\"{o}}hlen and
               Reinhard Pichler and
               Norman May and
               Erhard Rahm and
               Shan{-}Hung Wu and
               Katja Hose},
  title     = {Interactive Rule Refinement for Fraud Detection},
  xxbooktitle = {Proceedings of the 21th International Conference on Extending Database
               Technology, {EDBT} 2018, Vienna, Austria, March 26-29, 2018},
  booktitle = {{EDBT}},
  pages     = {265--276},
  xxpublisher = {OpenProceedings.org},
  year      = {2018},
  url       = {https://doi.org/10.5441/002/edbt.2018.24},
  doi       = {10.5441/002/edbt.2018.24},
  timestamp = {Fri, 16 Mar 2018 23:12:22 +0100},
  biburl    = {https://dblp.org/rec/conf/edbt/MiloNT18.bib},
  bibsource = {dblp computer science bibliography, https://dblp.org}
}

@InProceedings{10.1007/978-3-642-45065-5_15,
author="Lee, Michael M.
and Roy, Indrajit
and AuYoung, Alvin
and Talwar, Vanish
and Jayaram, K. R.
and Zhou, Yuanyuan",
editor="Eyers, David
and Schwan, Karsten",
title="Views and Transactional Storage for Large Graphs",
booktitle="Middleware 2013",
year="2013",
xxpublisher="Springer Berlin Heidelberg",
publisher="Springer",
xxaddress="Berlin, Heidelberg",
pages="287--306",
abstract="A growing number of applications store and analyze graph-structured data. These applications impose challenging infrastructure demands due to a need for scalable, high-throughput, and low-latency graph processing. Existing state-of-the-art storage systems and data processing systems are limited in at least one of these dimensions, and simply layering these technologies is inadequate.",
isbn="978-3-642-45065-5"
}

@inproceedings{DBLP:conf/sigmod/KhandelwalYY0S17,
  author    = {Anurag Khandelwal and
               Zongheng Yang and
               Evan Ye and
               Rachit Agarwal and
               Ion Stoica},
  title     = {{ZipG}: {A} Memory-efficient Graph Store for Interactive Queries},
  booktitle = {{SIGMOD}},
  pages     = {1149--1164},
  publisher = {{ACM}},
  year      = {2017},
  url       = {https://doi.org/10.1145/3035918.3064012},
  doi       = {10.1145/3035918.3064012},
  timestamp = {Tue, 06 Nov 2018 11:07:39 +0100},
  biburl    = {https://dblp.org/rec/conf/sigmod/KhandelwalYY0S17.bib},
  bibsource = {dblp computer science bibliography, https://dblp.org}
}

@inproceedings{DBLP:conf/nsdi/AgarwalKS15,
  author    = {Rachit Agarwal and
               Anurag Khandelwal and
               Ion Stoica},
  title     = {Succinct: Enabling Queries on Compressed Data},
  booktitle = {{NSDI}},
  xxbooktitle = {12th {USENIX} Symposium on Networked Systems Design and Implementation,
               {NSDI} 15, Oakland, CA, USA, May 4-6, 2015},
  pages     = {337--350},
  publisher = {{USENIX} Association},
  year      = {2015},
  url       = {https://www.usenix.org/conference/nsdi15/technical-sessions/presentation/agarwal},
  timestamp = {Wed, 04 Jul 2018 13:06:34 +0200},
  biburl    = {https://dblp.org/rec/conf/nsdi/AgarwalKS15.bib},
  bibsource = {dblp computer science bibliography, https://dblp.org}
}

@article{DBLP:journals/tocs/AguileraMSVK09,
  author    = {Marcos Kawazoe Aguilera and
               Arif Merchant and
               Mehul A. Shah and
               Alistair C. Veitch and
               Christos T. Karamanolis},
  title     = {Sinfonia: {A} new paradigm for building scalable distributed systems},
  journal   = {{ACM} Trans. Comput. Syst.},
  volume    = {27},
  number    = {3},
  pages     = {5:1--5:48},
  year      = {2009},
  url       = {https://doi.org/10.1145/1629087.1629088},
  doi       = {10.1145/1629087.1629088},
  timestamp = {Tue, 06 Nov 2018 12:51:05 +0100},
  biburl    = {https://dblp.org/rec/journals/tocs/AguileraMSVK09.bib},
  bibsource = {dblp computer science bibliography, https://dblp.org}
}

@inproceedings{10.1145/1807167.1807184,
author = {Malewicz, Grzegorz and Austern, Matthew H. and Bik, Aart J.C and Dehnert, James C. and Horn, Ilan and Leiser, Naty and Czajkowski, Grzegorz},
title = {Pregel: {A} System for Large-Scale Graph Processing},
year = {2010},
isbn = {9781450300322},
publisher = {ACM},
xxaddress = {New York, NY, USA},
url = {https://doi.org/10.1145/1807167.1807184},
doi = {10.1145/1807167.1807184},
xxbooktitle = {Proceedings of the 2010 ACM SIGMOD International Conference on Management of Data},
booktitle = {{SIGMOD}},
pages = {135–146},
xxseries = {SIGMOD ’10}
}

@inproceedings{DBLP:conf/osdi/GonzalezXDCFS14,
  author    = {Joseph E. Gonzalez and
               Reynold S. Xin and
               Ankur Dave and
               Daniel Crankshaw and
               Michael J. Franklin and
               Ion Stoica},
  title     = {{GraphX}: {G}raph Processing in a Distributed Dataflow Framework},
  xxbooktitle = {11th {USENIX} Symposium on Operating Systems Design and Implementation,
               {OSDI} '14, Broomfield, CO, USA, October 6-8, 2014},
  booktitle = {{OSDI}},
  pages     = {599--613},
  publisher = {{USENIX} Association},
  year      = {2014},
  url       = {https://www.usenix.org/conference/osdi14/technical-sessions/presentation/gonzalez},
  timestamp = {Tue, 18 Nov 2014 17:21:14 +0100},
  biburl    = {https://dblp.org/rec/conf/osdi/GonzalezXDCFS14.bib},
  bibsource = {dblp computer science bibliography, https://dblp.org}
}

@article{DBLP:journals/corr/abs-1910-09017,
  author    = {Maciej Besta and
               Emanuel Peter and
               Robert Gerstenberger and
               Marc Fischer and
               Michal Podstawski and
               Claude Barthels and
               Gustavo Alonso and
               Torsten Hoefler},
  title     = {Demystifying Graph Databases: Analysis and Taxonomy of Data Organization,
               System Designs, and Graph Queries},
  journal   = {CoRR},
  volume    = {abs/1910.09017},
  year      = {2019},
  url       = {http://arxiv.org/abs/1910.09017},
  archivePrefix = {arXiv},
  eprint    = {1910.09017},
  timestamp = {Tue, 22 Oct 2019 18:17:16 +0200},
  biburl    = {https://dblp.org/rec/journals/corr/abs-1910-09017.bib},
  bibsource = {dblp computer science bibliography, https://dblp.org}
}

@article{DBLP:journals/csur/AnglesABHRV17,
  author    = {Renzo Angles and
               Marcelo Arenas and
               Pablo Barcel{\'{o}} and
               Aidan Hogan and
               Juan L. Reutter and
               Domagoj Vrgoc},
  title     = {Foundations of Modern Query Languages for Graph Databases},
  journal   = {{ACM} Comput. Surv.},
  volume    = {50},
  number    = {5},
  pages     = {68:1--68:40},
  year      = {2017},
  url       = {https://doi.org/10.1145/3104031},
  doi       = {10.1145/3104031},
  timestamp = {Tue, 06 Nov 2018 12:50:49 +0100},
  biburl    = {https://dblp.org/rec/journals/csur/AnglesABHRV17.bib},
  bibsource = {dblp computer science bibliography, https://dblp.org}
}

@inproceedings{DBLP:conf/sigmod/GriffinL95,
  author    = {Timothy Griffin and
               Leonid Libkin},
  editor    = {Michael J. Carey and
               Donovan A. Schneider},
  title     = {Incremental Maintenance of Views with Duplicates},
  booktitle = {Proceedings of the 1995 {ACM} {SIGMOD} International Conference on
               Management of Data, San Jose, California, USA, May 22-25, 1995},
  pages     = {328--339},
  publisher = {{ACM} Press},
  year      = {1995},
  url       = {https://doi.org/10.1145/223784.223849},
  doi       = {10.1145/223784.223849},
  timestamp = {Tue, 06 Nov 2018 11:07:37 +0100},
  biburl    = {https://dblp.org/rec/conf/sigmod/GriffinL95.bib},
  bibsource = {dblp computer science bibliography, https://dblp.org}
}

@article{DBLP:journals/tplp/BonifatiDA18,
  author    = {Angela Bonifati and
               Stefania Dumbrava and
               Emilio Jes{\'{u}}s Gallego Arias},
  title     = {Certified Graph View Maintenance with Regular Datalog},
  journal   = {Theory Pract. Log. Program.},
  volume    = {18},
  number    = {3-4},
  pages     = {372--389},
  year      = {2018},
  url       = {https://doi.org/10.1017/S1471068418000224},
  doi       = {10.1017/S1471068418000224},
  timestamp = {Thu, 13 Feb 2020 14:39:46 +0100},
  biburl    = {https://dblp.org/rec/journals/tplp/BonifatiDA18.bib},
  bibsource = {dblp computer science bibliography, https://dblp.org}
}

@article{DBLP:journals/mst/ReutterRV17,
  author    = {Juan L. Reutter and
               Miguel Romero and
               Moshe Y. Vardi},
  title     = {Regular Queries on Graph Databases},
  journal   = {Theory Comput. Syst.},
  volume    = {61},
  number    = {1},
  pages     = {31--83},
  year      = {2017},
  url       = {https://doi.org/10.1007/s00224-016-9676-2},
  doi       = {10.1007/s00224-016-9676-2},
  timestamp = {Thu, 01 Jun 2017 18:57:38 +0200},
  biburl    = {https://dblp.org/rec/journals/mst/ReutterRV17.bib},
  bibsource = {dblp computer science bibliography, https://dblp.org}
}

@unpublished{talks/OCIM4/ivm,
  author = {G{\'a}bor Sz{\'a}rnyas and J{\'o}zsef Marton},
  url    = {https://www.slideshare.net/szarnyasg/incremental-view-maintenance-for-opencypher-queries},
  title  = {Incremental View Maintenance for {openCypher} Queries},
  note   = {4th openCypher Implementers Meeting, Copenhagen},
  year   = {2018},
}

@unpublished{neo4j_website,
  author = {{Neo4j, Inc.}},
  title  = {{Neo4j}},
  url    = {https://neo4j.org},
  year   = {2020},
}

@unpublished{opencypher,
  author = {{Neo4j, Inc.}},
  title  = {{openCypher}},
  url    = {https://www.opencypher.org/},
  year   = {2020},
}

@unpublished{tigergraph_website,
  author = {{TigerGraph, Inc.}},
  title  = {{TigerGraph}},
  url    = {https://www.tigergraph.com/},
  year   = {2020},
}

@unpublished{pgx_website,
  author = {{Oracle Labs}},
  title  = {{Parallel Graph AnalytiX (PGX)}},
  url    = {https://www.oracle.com/middleware/technologies/parallel-graph-analytix.html},
  year   = {2020},
}

@unpublished{pgql_website,
  author = {{Oracle Corporation}},
  title  = {{PGQL: Property Graph Query Language}},
  url    = {https://pgql-lang.org/},
  year   = {2020},
}

@inproceedings{DBLP:conf/grades/RothTHCPMH17,
  author    = {Nicholas P. Roth and
               Vasileios Trigonakis and
               Sungpack Hong and
               Hassan Chafi and
               Anthony Potter and
               Boris Motik and
               Ian Horrocks},
  title     = {{PGX.D/Async}: {A} Scalable Distributed Graph Pattern Matching Engine},
  booktitle = {GRADES at SIGMOD},
  publisher = {{ACM}},
  year      = {2017},
  url       = {https://doi.org/10.1145/3078447.3078454},
  doi       = {10.1145/3078447.3078454},
  timestamp = {Tue, 06 Nov 2018 16:58:01 +0100},
  biburl    = {https://dblp.org/rec/conf/grades/RothTHCPMH17.bib},
  bibsource = {dblp computer science bibliography, https://dblp.org}
}

@phdthesis{SzarnyasPhD,
  author = {G{\'a}bor Sz{\'a}rnyas},
  title = {Query, Analysis, and Benchmarking Techniques for Evolving Property Graphs of Software Systems},
  year = {2019},
  school = {Budapest University of Technology and Economics},
  type = {{Ph.D. dissertation}},
  url = {http://hdl.handle.net/10890/13133}
}
